@article{bib_online_workload_burst_detection,
	author={Tahir, Fatima and Abdullah, Muhammad and Bukhari, Faisal and Almustafa, Khaled Mohamad and Iqbal, Waheed},
	journal={IEEE Access}, 
	title={Online Workload Burst Detection for Efficient Predictive Autoscaling of Applications}, 
	year={2020},
	volume={8},
	pages={73730-73745},
	doi={10.1109/ACCESS.2020.2988207}
},
@article{bib_ml_scaling_containerized_applications,
	author={Mahmoud Imdoukh, Imtiaz Ahmad and Mohammad Gh. Alfailakawi},
	journal={Springer},
	title={Machine learning-based auto-scaling for containerized applications}, 
	year={2019},
	volume={32},
	pages={9745â€“9760},
	doi={10.1007/s00521-019-04507-z}
},
@article{bib_cloud_resource_scaling_lstm,
	title = {Automatic Cloud Resource Scaling Algorithm based on Long Short-Term Memory Recurrent Neural Network},
	journal = {International Journal of Advanced Computer Science and Applications},
	doi = {10.14569/IJACSA.2016.071236},
	url = {http://dx.doi.org/10.14569/IJACSA.2016.071236},
	year = {2016},
	publisher = {The Science and Information Organization},
	volume = {7},
	number = {12},
	author = {Ashraf A. Shahin}
},
@manual{bib_uibk_latex,
	title        = {UIBK Latex Beamer Theme},
	author       = {Reto Stauffer, Achim Zeileis}	
},
@article{bib_pstn_shutdown,
	title        = {UK PSTN Shut Down},
	author       = {Blueface VoIP},
	note         = {https://www.blueface.com/blog/ip-network-migration/ (Access: 23.09.2023, 15.38 MEZ) 2023}
}